@misc{cryptoeprint:2016:260,
    author = {Jens Groth},
    title = {On the Size of Pairing-based Non-interactive Arguments},
    howpublished = {Cryptology ePrint Archive, Report 2016/260},
    year = {2016},
    note = {\url{https://eprint.iacr.org/2016/260}},
}

@misc{zkSync,
  title = {zkSync},
  howpublished = {\url{https://zksync.io}},
  note = {Accessed: 2021-06-01}
}

@misc{EdDSA,
  title = {Edwards-Curve Digital Signature Algorithm (EdDSA)},
  howpublished = {\url{https://datatracker.ietf.org/doc/html/rfc8032}},
  note = {Accessed: 2021-04-01}
}

@misc{Plasma,
  title = {Plasma},
  howpublished = {\url{https://plasma.io}},
  note = {Accessed: 2021-05-10}
}


@misc{ECDSA,
  title = {Don Johnson, Alfred Menezes, and Scott Vanstone. The Elliptic Curve Digital Signature Algorithm (ECDSA), 2001},
  howpublished = {\url{https://web.archive.org/web/20170921160141/http://cs.ucsb.edu/~koc/ccs130h/notes/ecdsa-cert.pdf}},
  note = {Accessed: 2021-05-10}
}

@misc{ethsnark,
  title = {Ethsnark},
  howpublished = {\url{https://github.com/HarryR/ethsnarks}},
  note = {Accessed: 2021-06-08}
}

@misc{ERC20,
  title = {ERC-20 Ethereum},
  howpublished = {\url{https://eips.ethereum.org/EIPS/eip-20}},
  note = {Accessed: 2021-06-08}
}

@misc{altoros,
  title = {Securing a Blockchain with a Noninteractive Zero-Knowledge Proof},
  howpublished = {\url{ https://www.altoros.com/blog/securing-a-blockchain-with-a-noninteractive-zero-knowledge-proof/
}},
  note = {Accessed: 2021-06-08}
}


@misc{vitalik,
  title = {Vitalik blog},
  howpublished = {\url{ https://vitalik.ca}},
  note = {Accessed: 2021-06-08}
}

@misc{yellowpaper,
  title = {Ethereum yello paper},
  howpublished = {\url{https://ethereum.github.io/yellowpaper/paper.pdf}},
  note = {Accessed: 2021-06-08}
}

@misc{solidity,
  title = {Solidity home page},
  howpublished = {\url{https://docs.soliditylang.org}},
  note = {Accessed: 2021-06-08}
}
@misc{vyper,
  title = {Vyper home page},
  howpublished = {\url{https://vyper.readthedocs.io/en/stable}},
  note = {Accessed: 2021-06-08}
}
